@techreport{Calcul,
    Author = {Asanovic, Krste and Bodik, Ras and Catanzaro, Bryan Christopher and Gebis, Joseph James and Husbands, Parry and Keutzer, Kurt and Patterson, David A. and Plishker, William Lester and Shalf, John and Williams, Samuel Webb and Yelick, Katherine A.},
    Title = {The Landscape of Parallel Computing Research: A View from Berkeley},
    Institution = {EECS Department, University of California, Berkeley},
    Year = {2006},
    Month = {Dec},
    URL = {http://www.eecs.berkeley.edu/Pubs/TechRpts/2006/EECS-2006-183.html},
    Number = {UCB/EECS-2006-183}
}

@book{Methodes,
  title={M{\'e}thodes Num{\'e}riques: Algorithmes, analyse et applications},
  author={Quarteroni, A. and Sacco, R. and Saleri, F.},
  isbn={9788847004955},
  url={http://books.google.fr/books?id=LcYHRwS8yQwC},
  year={2007},
  publisher={Springer}
}

@inproceedings{SigmaDelta,
  author    = {Lionel Lacassagne and
               Antoine Manzanera and
               Antoine Dupret},
  title     = {Motion detection: Fast and robust algorithms for embedded
               systems},
  booktitle = {ICIP},
  year      = {2009},
  pages     = {3265-3268},
  ee        = {http://dx.doi.org/10.1109/ICIP.2009.5413946},
  bibsource = {DBLP, http://dblp.uni-trier.de}
}

@inproceedings{Barrier,
  author    = {Peter H. Beckman and
               Kamil Iskra and
               Kazutomo Yoshii and
               Susan Coghlan},
  title     = {The Influence of Operating Systems on the Performance of
               Collective Operations at Extreme Scale},
  booktitle = {CLUSTER},
  year      = {2006},
  ee        = {http://dx.doi.org/10.1109/CLUSTR.2006.311846},
  bibsource = {DBLP, http://dblp.uni-trier.de}
}

@inproceedings{PGAS,
 author = {Yelick, Katherine and Bonachea, Dan and Chen, Wei-Yu and Colella, Phillip and Datta, Kaushik and Duell, Jason and Graham, Susan L. and Hargrove, Paul and Hilfinger, Paul and Husbands, Parry and Iancu, Costin and Kamil, Amir and Nishtala, Rajesh and Su, Jimmy and Welcome, Michael and Wen, Tong},
 title = {Productivity and performance using partitioned global address space languages},
 booktitle = {Proceedings of the 2007 international workshop on Parallel symbolic computation},
 series = {PASCO '07},
 year = {2007},
 isbn = {978-1-59593-741-4},
 location = {London, Ontario, Canada},
 pages = {24--32},
 numpages = {9},
 url = {http://doi.acm.org/10.1145/1278177.1278183},
 doi = {10.1145/1278177.1278183},
 acmid = {1278183},
 publisher = {ACM},
 address = {New York, NY, USA},
 keywords = {GASNet, NAS parallel benchmarks, PGAS, UPC, one-sided communication, partitioned global address space, titanium},
}

@article{GMRES,
 author = {Saad, Youcef and Schultz, Martin H},
 title = {GMRES: a generalized minimal residual algorithm for solving nonsymmetric linear systems},
 journal = {SIAM J. Sci. Stat. Comput.},
 issue_date = {July 1986},
 volume = {7},
 number = {3},
 month = jul,
 year = {1986},
 issn = {0196-5204},
 pages = {856--869},
 numpages = {14},
 url = {http://dx.doi.org/10.1137/0907058},
 doi = {10.1137/0907058},
 acmid = {14074},
 publisher = {Society for Industrial and Applied Mathematics},
 address = {Philadelphia, PA, USA},
}

@inproceedings{CAGMRES,
  author    = {James Demmel and
               Mark Hoemmen and
               Marghoob Mohiyuddin and
               Katherine A. Yelick},
  title     = {Avoiding communication in sparse matrix computations},
  booktitle = {IPDPS},
  year      = {2008},
  pages     = {1-12},
  ee        = {http://dx.doi.org/10.1109/IPDPS.2008.4536305},
  bibsource = {DBLP, http://dblp.uni-trier.de}
}

@article {Parall_GMRES,
	title = {Hiding global communication latency in the GMRES algorithm on massively parallel machines.},
	journal = {SIAM journal on Scientific Computing,  	ExaScience Lab Technical Report 04.2012.1},
	year = {Submitted},
	attachments = {http://twna.ua.ac.be/sites/twna.ua.ac.be/files/latency_gmres.pdf},
	author = {Ghysels, P and Ashby, T and Meerbergen, K and Vanroose, W.}
         }

@inproceedings{Dataflow, 
author = {T. Heller and H. Kaiser and K. Iglberger},
title = {Application of the ParalleX Execution Model to Stencil-based Problems},
booktitle = {International Supercomputing Conference}, 
year = {2012},
address = {Hamburg, Germany}
}

@inproceedings{Parallex,
 author = {Kaiser, Hartmut and Brodowicz, Maciek and Sterling, Thomas},
 title = {ParalleX An Advanced Parallel Execution Model for Scaling-Impaired Applications},
 booktitle = {Proceedings of the 2009 International Conference on Parallel Processing Workshops},
 series = {ICPPW '09},
 year = {2009},
 isbn = {978-0-7695-3803-7},
 pages = {394--401},
 numpages = {8},
 url = {http://dx.doi.org/10.1109/ICPPW.2009.14},
 doi = {10.1109/ICPPW.2009.14},
 acmid = {1679815},
 publisher = {IEEE Computer Society},
 address = {Washington, DC, USA},
 keywords = {HPC, parallel model of computation, runtime system},
}

@InProceedings{Petsc,
Author = {Satish Balay and William D. Gropp and Lois C. McInnes and Barry F. Smith},
Title = {Efficienct Management of Parallelism in Object Oriented Numerical Software Libraries},
Booktitle = {Modern Software Tools in Scientific Computing},
Editor = {E. Arge and A. M. Bruaset and H. P. Langtangen},
Pages = {163â€“202},
Publisher = {Birkhauser Press},
Year = {1997}}

@book{Futuresc++,
  title={C++ Concurrency in Action: Practical Multithreading},
  author={Williams, A.},
  isbn={9781933988771},
  series={Manning Pubs Co Series},
  url={http://books.google.fr/books?id=EttPPgAACAAJ},
  year={2011},
  publisher={Manning Publications}
}

@article{Futures1,
 author = {Baker,Jr., Henry C. and Hewitt, Carl},
 title = {The incremental garbage collection of processes},
 journal = {SIGART Bull.},
 issue_date = {August 1977},
 number = {64},
 month = aug,
 year = {1977},
 issn = {0163-5719},
 pages = {55--59},
 numpages = {5},
 url = {http://doi.acm.org/10.1145/872736.806932},
 doi = {10.1145/872736.806932},
 acmid = {806932},
 publisher = {ACM},
 address = {New York, NY, USA},
 keywords = {Eager evaluation, Garbage collection, Lazy evaluation, Multiprocessing systems, Processor scheduling},
}

@book{Futures2,
  title={The Impact of Applicative Programming on Multiprocessing},
  author={Friedman, D.P. and Wise, D.S.},
  series={Technical report (Indiana University, Bloomington. Computer Science Dept.)},
  url={http://books.google.fr/books?id=ZIhtHQAACAAJ},
  year={1976},
  publisher={Indiana University, Computer Science Department}
}

